@article{epema1996worldwide,
  title={A worldwide flock of Condors: Load sharing among workstation clusters},
  author={Epema, Dick HJ and Livny, Miron and van Dantzig, Ren{\'e} and Evers, Xander and Pruyne, Jim},
  journal={Future Generation Computer Systems},
  volume={12},
  number={1},
  pages={53--65},
  year={1996},
  publisher={Elsevier}
}
